<?xml version="1.0" encoding="UTF-8"?><record xmlns="http://www.loc.gov/MARC21/slim" xmlns:cinclude="http://apache.org/cocoon/include/1.0" xmlns:zs="http://www.loc.gov/zing/srw/">
  <leader>00998nz  a2200181n  4500</leader>
  <controlfield tag="001">nb2013001940</controlfield>
  <controlfield tag="003">DLC</controlfield>
  <controlfield tag="005">20130126075021.0</controlfield>
  <controlfield tag="008">130124n| azannaabn          |n ana      </controlfield>
  <datafield tag="010" ind1=" " ind2=" ">
    <subfield code="a">nb2013001940</subfield>
  </datafield>
  <datafield tag="035" ind1=" " ind2=" ">
    <subfield code="a">(Uk)008667481</subfield>
  </datafield>
  <datafield tag="040" ind1=" " ind2=" ">
    <subfield code="a">Uk</subfield>
    <subfield code="b">eng</subfield>
    <subfield code="c">Uk</subfield>
    <subfield code="e">rda</subfield>
  </datafield>
  <datafield tag="110" ind1="2" ind2=" ">
    <subfield code="a">Queen Mary College (University of London).</subfield>
    <subfield code="b">School of Languages, Linguistics and Film.</subfield>
  </datafield>
  <datafield tag="368" ind1=" " ind2=" ">
    <subfield code="a">Universities and colleges -- Departments</subfield>
    <subfield code="2">lcsh</subfield>
  </datafield>
  <datafield tag="370" ind1=" " ind2=" ">
    <subfield code="c">England</subfield>
    <subfield code="e">London, England</subfield>
  </datafield>
  <datafield tag="371" ind1=" " ind2=" ">
    <subfield code="a">School of Languages, Linguistics and Film</subfield>
    <subfield code="a">Queen Mary, University of London</subfield>
    <subfield code="a">Mile End Road</subfield>
    <subfield code="b">London</subfield>
    <subfield code="d">England</subfield>
    <subfield code="e">E1 4NS</subfield>
    <subfield code="m">sllf@qmul.ac.uk</subfield>
  </datafield>
  <datafield tag="377" ind1=" " ind2=" ">
    <subfield code="a">eng</subfield>
  </datafield>
  <datafield tag="670" ind1=" " ind2=" ">
    <subfield code="a">Queen Mary, University of London website, 24 January 2013:</subfield>
    <subfield code="b">Department of Iberian and Latin American Studies page (the Department of Iberian and Latin American Studies is part of the School of Languages, Linguistics and Film) caontact us page (School of Languages, Linguistics and Film Queen Mary, University of London Mile End Road London E1 4NS; sllf@qmul.ac.uk)</subfield>
  </datafield>
</record>